<?xml version="1.0" encoding="UTF-8"?><record xmlns="http://www.loc.gov/MARC21/slim" xmlns:cinclude="http://apache.org/cocoon/include/1.0" xmlns:zs="http://www.loc.gov/zing/srw/">
  <leader>00450nz  a2200145n  4500</leader>
  <controlfield tag="001">n 2014065217</controlfield>
  <controlfield tag="003">DLC</controlfield>
  <controlfield tag="005">20141021123224.0</controlfield>
  <controlfield tag="008">141021n| azannaabn          |b aaa      </controlfield>
  <datafield tag="010" ind1=" " ind2=" ">
    <subfield code="a">n 2014065217</subfield>
  </datafield>
  <datafield tag="040" ind1=" " ind2=" ">
    <subfield code="a">DLC</subfield>
    <subfield code="b">eng</subfield>
    <subfield code="c">DLC</subfield>
    <subfield code="e">rda</subfield>
  </datafield>
  <datafield tag="100" ind1="1" ind2=" ">
    <subfield code="a">Loḳ, Ḥanah</subfield>
  </datafield>
  <datafield tag="400" ind1="1" ind2=" ">
    <subfield code="a">לוק, חנה</subfield>
  </datafield>
  <datafield tag="667" ind1=" " ind2=" ">
    <subfield code="a">Non-Latin script reference not evaluated.</subfield>
  </datafield>
  <datafield tag="670" ind1=" " ind2=" ">
    <subfield code="a">Morim nevone ḥevrah, 2011:</subfield>
    <subfield code="b">t.p. (חנה לוק = Ḥanah Loḳ) spine (Ḥanah Loḳ [vocalized])</subfield>
  </datafield>
</record>